@MISC{a,
	AUTHOR = {{Firuza Aibara}},
	TITLE = {{LaTeX - Fundamental Research Group - IIT Bombay}},
    HOWPUBLISHED = "\url{http://www.it.iitb.ac.in/frg/wiki/index.php/LaTeX/}",
	YEAR = {2016},
}
@BOOK{b,
    AUTHOR={{Helmut Kopka and Patrick W Daly}},
    TITLE={\textit{A guide to latex}},
    YEAR={1995},
}
    
@BOOK{c,
    AUTHOR={{Leslie Lamport}},
    TITLE={\emph{Latex}},
    PUBLISHER={\textit{Addison-Wesley}},
    YEAR={1994},
}
    
@BOOK{d,
    AUTHOR={{Michael Downes}},
    TITLE={\emph{Short math guide for latex}},
    PUBLISHER={\textit{American Mathematical Society}},
    YEAR={2002},
}